Month,Revenue
2024-01,6396.42
2024-02,9306.84
2024-03,3549.42
2024-04,7409.16
2024-05,3633.4100000000003
2024-06,5428.26
2024-07,6685.21
2024-08,6025.39
2024-09,6493.37
2024-10,6530.01
2024-11,6415.97
2024-12,7987.99
2025-01,6211.94
2025-02,4342.32
2025-03,5638.3
2025-04,4505.24
2025-05,6017.1900000000005
2025-06,7555.9
2025-07,4378.67
2025-08,5876.43
2025-09,5496.679999999999
2025-10,6295.99
2025-11,4830.49
2025-12,4415.63
